<record xmlns="http://www.loc.gov/MARC21/slim">
   <leader>02102cjm a2200421 a 4500</leader>
   <controlfield tag="001">1331611</controlfield>
   <controlfield tag="007">sd bsmennmpluu</controlfield>
   <controlfield tag="008">901025s1985    no mu               nor c</controlfield>
   <datafield ind1="0" ind2="1" tag="028">
      <subfield code="a">FXLP 59</subfield>
      <subfield code="b">For X</subfield>
   </datafield>
   <datafield ind1="0" ind2="1" tag="028">
      <subfield code="a">59</subfield>
      <subfield code="b">For X</subfield>
   </datafield>
   <datafield ind1=" " ind2=" " tag="035">
      <subfield code="a">ocm70306383</subfield>
   </datafield>
   <datafield ind1=" " ind2=" " tag="040">
      <subfield code="b">eng</subfield>
   </datafield>
   <datafield ind1="0" ind2=" " tag="041">
      <subfield code="d">norlat</subfield>
      <subfield code="e">norlateng</subfield>
   </datafield>
   <datafield ind1=" " ind2=" " tag="043">
      <subfield code="a">e-no---</subfield>
   </datafield>
   <datafield ind1=" " ind2=" " tag="049">
      <subfield code="a">AEU</subfield>
      <subfield code="b">eng</subfield>
   </datafield>
   <datafield ind1=" " ind2="3" tag="055">
      <subfield code="a">M 1772 A512</subfield>
      <subfield code="b">J82 1985</subfield>
   </datafield>
   <datafield ind1="0" ind2=" " tag="090">
      <subfield code="a">M 1772 A512 J82 1985</subfield>
   </datafield>
   <datafield ind1="1" ind2=" " tag="100">
      <subfield code="a">Anker, Pernille.</subfield>
   </datafield>
   <datafield ind1="1" ind2="0" tag="245">
      <subfield code="a">Jordsalme</subfield>
      <subfield code="h">[sound recording] /</subfield>
      <subfield code="c">Pernille Anker.</subfield>
   </datafield>
   <datafield ind1=" " ind2=" " tag="260">
      <subfield code="a">[Norway] :</subfield>
      <subfield code="b">For X,</subfield>
      <subfield code="c">p1985.</subfield>
   </datafield>
   <datafield ind1=" " ind2=" " tag="300">
      <subfield code="a">1 sound disc :</subfield>
      <subfield code="b">analog, 33 1/3 rpm, stereo. ;</subfield>
      <subfield code="c">12 in.</subfield>
   </datafield>
   <datafield ind1=" " ind2=" " tag="336">
      <subfield code="a">performed music</subfield>
      <subfield code="b">prm</subfield>
      <subfield code="2">rdacontent</subfield>
   </datafield>
   <datafield ind1=" " ind2=" " tag="337">
      <subfield code="a">audio</subfield>
      <subfield code="b">s</subfield>
      <subfield code="2">rdamedia</subfield>
   </datafield>
   <datafield ind1=" " ind2=" " tag="338">
      <subfield code="a">audio disc</subfield>
      <subfield code="b">sd</subfield>
      <subfield code="2">rdacarrier</subfield>
   </datafield>
   <datafield ind1=" " ind2=" " tag="500">
      <subfield code="a">For X: FXLP 59.</subfield>
   </datafield>
   <datafield ind1=" " ind2=" " tag="500">
      <subfield code="a">Song texts in Norwegian and Latin on sleeve; English translation entitled Earth hymn ([2 p.]) inserted in container.</subfield>
   </datafield>
   <datafield ind1="0" ind2=" " tag="505">
      <subfield code="a">Jordsalme / P. Anker (2:40) -- Nyttårsbonn / traditional ; text, Th. Kingo (4:44) -- Den store hvite flokk / traditional ; text, Hans A. Brorson (3:04) -- Nu rinner solen opp / traditional ; text, Th. Kingo (3:24) -- Elsk din neste / text, Bjørnstjerne Bjørnson ; music by P. Anker (5:18) -- Messe for sang og perkusion : Kyrie (3:58) ; Gloria (2:00) ; Credo (3:42) ; Sanctus (3:45) ; Angus Dei (3:38) ; Halleluja (3:01) / P. Anker.</subfield>
   </datafield>
   <datafield ind1="0" ind2=" " tag="511">
      <subfield code="a">Pernille Anker, voice ; Gilles Obermayer, 5 tumba drums, various percussion instruments from Africa and Asia ; Hans Frederik Jacobsen, willow pipe, Bamboo flute, sopranino flute, tambourine, langeleik ; Warren Carlstrøm, Celtic harp ; Pål Thorstensen, double-bass.</subfield>
   </datafield>
   <datafield ind1=" " ind2=" " tag="596">
      <subfield code="a">38</subfield>
   </datafield>
   <datafield ind1=" " ind2="0" tag="650">
      <subfield code="a">Songs, Norwegian</subfield>
      <subfield code="z">Norway.</subfield>
   </datafield>
   <datafield ind1=" " ind2="0" tag="650">
      <subfield code="a">Folk songs, Norwegian</subfield>
      <subfield code="z">Norway.</subfield>
   </datafield>
   <datafield ind1=" " ind2="0" tag="650">
      <subfield code="a">Folk music</subfield>
      <subfield code="z">Norway.</subfield>
   </datafield>
   <datafield ind1="1" ind2=" " tag="700">
      <subfield code="a">Obermayer, Gilles.</subfield>
   </datafield>
   <datafield ind1="1" ind2=" " tag="700">
      <subfield code="a">Jacobsen, Hans Frederik.</subfield>
   </datafield>
   <datafield ind1="1" ind2=" " tag="700">
      <subfield code="a">Carlstrøm, Warren.</subfield>
   </datafield>
   <datafield ind1="1" ind2=" " tag="700">
      <subfield code="a">Thorstensen, Pål.</subfield>
   </datafield>
   <datafield ind1="0" ind2=" " tag="740">
      <subfield code="a">Earth hymn.</subfield>
   </datafield>
   <datafield ind1=" " ind2=" " tag="926">
      <subfield code="a">M 1772 A512 J82 1985</subfield>
      <subfield code="w">LC</subfield>
      <subfield code="c">1</subfield>
      <subfield code="i">000034791475</subfield>
      <subfield code="d">6/2/2015</subfield>
      <subfield code="e">1/30/2015</subfield>
      <subfield code="l">ON_SHELF</subfield>
      <subfield code="m">UABARD</subfield>
      <subfield code="n">6</subfield>
      <subfield code="p">$150.00</subfield>
      <subfield code="r">Y</subfield>
      <subfield code="s">Y</subfield>
      <subfield code="t">MUSICSOUND</subfield>
      <subfield code="u">10/31/1990</subfield>
      <subfield code="o">.STAFF. C0013626</subfield>
   </datafield>
</record>
